%YAML 1.1
%TAG !u! tag:unity3d.com,2011:
--- !u!1 &1414563926960305449
GameObject:
  m_ObjectHideFlags: 0
  m_CorrespondingSourceObject: {fileID: 0}
  m_PrefabInstance: {fileID: 0}
  m_PrefabAsset: {fileID: 0}
  serializedVersion: 6
  m_Component:
  - component: {fileID: 1062774283541236519}
  - component: {fileID: 8167130927899357648}
  m_Layer: 0
  m_Name: FlowerSlash
  m_TagString: Untagged
  m_Icon: {fileID: 0}
  m_NavMeshLayer: 0
  m_StaticEditorFlags: 0
  m_IsActive: 0
--- !u!4 &1062774283541236519
Transform:
  m_ObjectHideFlags: 0
  m_CorrespondingSourceObject: {fileID: 0}
  m_PrefabInstance: {fileID: 0}
  m_PrefabAsset: {fileID: 0}
  m_GameObject: {fileID: 1414563926960305449}
  m_LocalRotation: {x: -0, y: -0, z: -0, w: 1}
  m_LocalPosition: {x: 10.840075, y: -4.740398, z: 2.6639736}
  m_LocalScale: {x: 1, y: 1, z: 1}
  m_ConstrainProportionsScale: 0
  m_Children: []
  m_Father: {fileID: 2469069380489831381}
  m_RootOrder: 4
  m_LocalEulerAnglesHint: {x: 0, y: 0, z: 0}
--- !u!114 &8167130927899357648
MonoBehaviour:
  m_ObjectHideFlags: 0
  m_CorrespondingSourceObject: {fileID: 0}
  m_PrefabInstance: {fileID: 0}
  m_PrefabAsset: {fileID: 0}
  m_GameObject: {fileID: 1414563926960305449}
  m_Enabled: 1
  m_EditorHideFlags: 0
  m_Script: {fileID: 11500000, guid: 22139470ee2122d45b5c7e5ea069cad3, type: 3}
  m_Name: 
  m_EditorClassIdentifier: 
  FlowerSlashPrefab: {fileID: 1492667978523942, guid: 5fcc6bcfc48b62946a1b42f60c2e3865, type: 3}
  _self: {fileID: 1414563926960305449}
  _SkillCooldownBar: {fileID: 0}
  Initialized: 0
--- !u!1 &2469069380322837271
GameObject:
  m_ObjectHideFlags: 0
  m_CorrespondingSourceObject: {fileID: 0}
  m_PrefabInstance: {fileID: 0}
  m_PrefabAsset: {fileID: 0}
  serializedVersion: 6
  m_Component:
  - component: {fileID: 2469069380322837272}
  - component: {fileID: 2469069380322837274}
  - component: {fileID: 2469069380322837273}
  m_Layer: 0
  m_Name: KnifeRain
  m_TagString: Untagged
  m_Icon: {fileID: 0}
  m_NavMeshLayer: 0
  m_StaticEditorFlags: 0
  m_IsActive: 0
--- !u!4 &2469069380322837272
Transform:
  m_ObjectHideFlags: 0
  m_CorrespondingSourceObject: {fileID: 0}
  m_PrefabInstance: {fileID: 0}
  m_PrefabAsset: {fileID: 0}
  m_GameObject: {fileID: 2469069380322837271}
  m_LocalRotation: {x: -0, y: -0, z: -0, w: 1}
  m_LocalPosition: {x: 10.840075, y: -4.740398, z: 2.6639736}
  m_LocalScale: {x: 1, y: 1, z: 1}
  m_ConstrainProportionsScale: 0
  m_Children: []
  m_Father: {fileID: 2469069380489831381}
  m_RootOrder: 3
  m_LocalEulerAnglesHint: {x: 0, y: 0, z: 0}
--- !u!114 &2469069380322837274
MonoBehaviour:
  m_ObjectHideFlags: 0
  m_CorrespondingSourceObject: {fileID: 0}
  m_PrefabInstance: {fileID: 0}
  m_PrefabAsset: {fileID: 0}
  m_GameObject: {fileID: 2469069380322837271}
  m_Enabled: 1
  m_EditorHideFlags: 0
  m_Script: {fileID: 11500000, guid: 9d853586ec1dda64aa51f90b5d94adad, type: 3}
  m_Name: 
  m_EditorClassIdentifier: 
  KnifeRainPrefab: {fileID: 1168529248583268, guid: 03b99cb6e1a787c4188ff6e374dddd4f, type: 3}
  _self: {fileID: 2469069380322837271}
  _SkillCooldownBar: {fileID: 0}
  KnifeRainRadius: 10
  Initialized: 0
--- !u!114 &2469069380322837273
MonoBehaviour:
  m_ObjectHideFlags: 0
  m_CorrespondingSourceObject: {fileID: 0}
  m_PrefabInstance: {fileID: 0}
  m_PrefabAsset: {fileID: 0}
  m_GameObject: {fileID: 2469069380322837271}
  m_Enabled: 1
  m_EditorHideFlags: 0
  m_Script: {fileID: 11500000, guid: 1a959a1b0b8414d4fb8a68bdc12d69ed, type: 3}
  m_Name: 
  m_EditorClassIdentifier: 
  EffectsOnCollision: []
  DestroyTimeDelay: 5
  UseWorldSpacePosition: 0
  Offset: 0
  rotationOffset: {x: 0, y: 0, z: 0}
  useOnlyRotationOffset: 1
  UseFirePointRotation: 0
  DestroyMainEffect: 0
  Damage: 5
--- !u!1 &2469069380489831380
GameObject:
  m_ObjectHideFlags: 0
  m_CorrespondingSourceObject: {fileID: 0}
  m_PrefabInstance: {fileID: 0}
  m_PrefabAsset: {fileID: 0}
  serializedVersion: 6
  m_Component:
  - component: {fileID: 2469069380489831381}
  - component: {fileID: 2469069380489831382}
  m_Layer: 0
  m_Name: SkillManager
  m_TagString: Untagged
  m_Icon: {fileID: 0}
  m_NavMeshLayer: 0
  m_StaticEditorFlags: 0
  m_IsActive: 1
--- !u!4 &2469069380489831381
Transform:
  m_ObjectHideFlags: 0
  m_CorrespondingSourceObject: {fileID: 0}
  m_PrefabInstance: {fileID: 0}
  m_PrefabAsset: {fileID: 0}
  m_GameObject: {fileID: 2469069380489831380}
  m_LocalRotation: {x: 0, y: 0, z: 0, w: 1}
  m_LocalPosition: {x: 0, y: 5.9, z: 0}
  m_LocalScale: {x: 1, y: 1, z: 1}
  m_ConstrainProportionsScale: 0
  m_Children:
  - {fileID: 2469069381343713828}
  - {fileID: 2469069381996007688}
  - {fileID: 2469069381160248822}
  - {fileID: 2469069380322837272}
  - {fileID: 1062774283541236519}
  m_Father: {fileID: 0}
  m_RootOrder: 0
  m_LocalEulerAnglesHint: {x: 0, y: 0, z: 0}
--- !u!114 &2469069380489831382
MonoBehaviour:
  m_ObjectHideFlags: 0
  m_CorrespondingSourceObject: {fileID: 0}
  m_PrefabInstance: {fileID: 0}
  m_PrefabAsset: {fileID: 0}
  m_GameObject: {fileID: 2469069380489831380}
  m_Enabled: 1
  m_EditorHideFlags: 0
  m_Script: {fileID: 11500000, guid: 2f74fc3961b08054baba3c3339e3ded6, type: 3}
  m_Name: 
  m_EditorClassIdentifier: 
  PlayerStatus: {fileID: 0}
  PlayerLevel: 0
  skillPanel: {fileID: 0}
  Skillbutton: {fileID: 0}
  lighting: {fileID: 2469069381343713830}
  meteor: {fileID: 2469069381996007686}
  Rain: {fileID: 2469069380322837274}
  Spike: {fileID: 2469069381160248824}
  Slash: {fileID: 8167130927899357648}
  KnifeRainLvl: 0
  LightningLvl: 0
  MeteorLvl: 0
  IceLvl: 0
  MeteorMax: 0
  LightningMax: 0
  KnifeRainMax: 0
  IceSpikeMax: 0
  skills:
  - skillName: Lightning
    baseCooldown: 0
    cooldownTimer: 0
    upgradedCooldown: 1
  - skillName: Meteor
    baseCooldown: 0
    cooldownTimer: 0
    upgradedCooldown: 1
  - skillName: KnifeRain
    baseCooldown: 0
    cooldownTimer: 0
    upgradedCooldown: 1
  - skillName: Ice
    baseCooldown: 0
    cooldownTimer: 0
    upgradedCooldown: 1
  - skillName: Flower
    baseCooldown: 0
    cooldownTimer: 0
    upgradedCooldown: 1
--- !u!1 &2469069381160248821
GameObject:
  m_ObjectHideFlags: 0
  m_CorrespondingSourceObject: {fileID: 0}
  m_PrefabInstance: {fileID: 0}
  m_PrefabAsset: {fileID: 0}
  serializedVersion: 6
  m_Component:
  - component: {fileID: 2469069381160248822}
  - component: {fileID: 2469069381160248824}
  m_Layer: 0
  m_Name: IceSpike
  m_TagString: Untagged
  m_Icon: {fileID: 0}
  m_NavMeshLayer: 0
  m_StaticEditorFlags: 0
  m_IsActive: 0
--- !u!4 &2469069381160248822
Transform:
  m_ObjectHideFlags: 0
  m_CorrespondingSourceObject: {fileID: 0}
  m_PrefabInstance: {fileID: 0}
  m_PrefabAsset: {fileID: 0}
  m_GameObject: {fileID: 2469069381160248821}
  m_LocalRotation: {x: -0, y: -0, z: -0, w: 1}
  m_LocalPosition: {x: 10.840075, y: -4.740398, z: 2.6639736}
  m_LocalScale: {x: 1, y: 1, z: 1}
  m_ConstrainProportionsScale: 0
  m_Children: []
  m_Father: {fileID: 2469069380489831381}
  m_RootOrder: 2
  m_LocalEulerAnglesHint: {x: 0, y: 0, z: 0}
--- !u!114 &2469069381160248824
MonoBehaviour:
  m_ObjectHideFlags: 0
  m_CorrespondingSourceObject: {fileID: 0}
  m_PrefabInstance: {fileID: 0}
  m_PrefabAsset: {fileID: 0}
  m_GameObject: {fileID: 2469069381160248821}
  m_Enabled: 1
  m_EditorHideFlags: 0
  m_Script: {fileID: 11500000, guid: d59dab533bcb91046ac5f40c8886d6b7, type: 3}
  m_Name: 
  m_EditorClassIdentifier: 
  IceSpikePrefab: {fileID: 1965956805206708, guid: 2f377756a91d5be4c923e1ddb4da7ace, type: 3}
  _self: {fileID: 2469069381160248821}
  _SkillCooldownBar: {fileID: 0}
  Initialized: 0
--- !u!1 &2469069381343713827
GameObject:
  m_ObjectHideFlags: 0
  m_CorrespondingSourceObject: {fileID: 0}
  m_PrefabInstance: {fileID: 0}
  m_PrefabAsset: {fileID: 0}
  serializedVersion: 6
  m_Component:
  - component: {fileID: 2469069381343713828}
  - component: {fileID: 2469069381343713830}
  - component: {fileID: 2469069381343713829}
  m_Layer: 0
  m_Name: Lightning_Strike
  m_TagString: Untagged
  m_Icon: {fileID: 7250588514170254948, guid: 0000000000000000d000000000000000, type: 0}
  m_NavMeshLayer: 0
  m_StaticEditorFlags: 0
  m_IsActive: 0
--- !u!4 &2469069381343713828
Transform:
  m_ObjectHideFlags: 0
  m_CorrespondingSourceObject: {fileID: 0}
  m_PrefabInstance: {fileID: 0}
  m_PrefabAsset: {fileID: 0}
  m_GameObject: {fileID: 2469069381343713827}
  m_LocalRotation: {x: -0, y: -0, z: -0, w: 1}
  m_LocalPosition: {x: 10.840075, y: -4.740398, z: 2.6639736}
  m_LocalScale: {x: 1, y: 1, z: 1}
  m_ConstrainProportionsScale: 0
  m_Children: []
  m_Father: {fileID: 2469069380489831381}
  m_RootOrder: 0
  m_LocalEulerAnglesHint: {x: 0, y: 0, z: 0}
--- !u!114 &2469069381343713830
MonoBehaviour:
  m_ObjectHideFlags: 0
  m_CorrespondingSourceObject: {fileID: 0}
  m_PrefabInstance: {fileID: 0}
  m_PrefabAsset: {fileID: 0}
  m_GameObject: {fileID: 2469069381343713827}
  m_Enabled: 1
  m_EditorHideFlags: 0
  m_Script: {fileID: 11500000, guid: f17de97e35334e34597c453c7c7e28ba, type: 3}
  m_Name: 
  m_EditorClassIdentifier: 
  lightningStrikePrefab: {fileID: 1604970523841052, guid: dfabbd05c7735314e97de47b3d7695c4, type: 3}
  _self: {fileID: 2469069381343713827}
  _SkillCooldownBar: {fileID: 0}
  lightingStrikeRadius: 10
  Initialized: 0
--- !u!114 &2469069381343713829
MonoBehaviour:
  m_ObjectHideFlags: 0
  m_CorrespondingSourceObject: {fileID: 0}
  m_PrefabInstance: {fileID: 0}
  m_PrefabAsset: {fileID: 0}
  m_GameObject: {fileID: 2469069381343713827}
  m_Enabled: 0
  m_EditorHideFlags: 0
  m_Script: {fileID: 11500000, guid: 1a959a1b0b8414d4fb8a68bdc12d69ed, type: 3}
  m_Name: 
  m_EditorClassIdentifier: 
  EffectsOnCollision: []
  DestroyTimeDelay: 5
  UseWorldSpacePosition: 0
  Offset: 0
  rotationOffset: {x: 0, y: 0, z: 0}
  useOnlyRotationOffset: 1
  UseFirePointRotation: 0
  DestroyMainEffect: 0
  Damage: 10
--- !u!1 &2469069381996007685
GameObject:
  m_ObjectHideFlags: 0
  m_CorrespondingSourceObject: {fileID: 0}
  m_PrefabInstance: {fileID: 0}
  m_PrefabAsset: {fileID: 0}
  serializedVersion: 6
  m_Component:
  - component: {fileID: 2469069381996007688}
  - component: {fileID: 2469069381996007686}
  - component: {fileID: 2469069381996007687}
  m_Layer: 0
  m_Name: Meteor_Strike
  m_TagString: Untagged
  m_Icon: {fileID: 0}
  m_NavMeshLayer: 0
  m_StaticEditorFlags: 0
  m_IsActive: 0
--- !u!4 &2469069381996007688
Transform:
  m_ObjectHideFlags: 0
  m_CorrespondingSourceObject: {fileID: 0}
  m_PrefabInstance: {fileID: 0}
  m_PrefabAsset: {fileID: 0}
  m_GameObject: {fileID: 2469069381996007685}
  m_LocalRotation: {x: -0, y: -0, z: -0, w: 1}
  m_LocalPosition: {x: 10.840075, y: -4.740398, z: 2.6639736}
  m_LocalScale: {x: 1, y: 1, z: 1}
  m_ConstrainProportionsScale: 0
  m_Children: []
  m_Father: {fileID: 2469069380489831381}
  m_RootOrder: 1
  m_LocalEulerAnglesHint: {x: 0, y: 0, z: 0}
--- !u!114 &2469069381996007686
MonoBehaviour:
  m_ObjectHideFlags: 0
  m_CorrespondingSourceObject: {fileID: 0}
  m_PrefabInstance: {fileID: 0}
  m_PrefabAsset: {fileID: 0}
  m_GameObject: {fileID: 2469069381996007685}
  m_Enabled: 1
  m_EditorHideFlags: 0
  m_Script: {fileID: 11500000, guid: b37f58f0917d0ef4ebfc55594ed26bc3, type: 3}
  m_Name: 
  m_EditorClassIdentifier: 
  MeteorShowerPrefab: {fileID: 1135581048890362, guid: aba3e5c9ac8ca8540ab8f333493f0017, type: 3}
  _self: {fileID: 2469069381996007685}
  _SkillCooldownBar: {fileID: 0}
  meteorStrikeRadius: 10
  Initialized: 0
--- !u!114 &2469069381996007687
MonoBehaviour:
  m_ObjectHideFlags: 0
  m_CorrespondingSourceObject: {fileID: 0}
  m_PrefabInstance: {fileID: 0}
  m_PrefabAsset: {fileID: 0}
  m_GameObject: {fileID: 2469069381996007685}
  m_Enabled: 1
  m_EditorHideFlags: 0
  m_Script: {fileID: 11500000, guid: 1a959a1b0b8414d4fb8a68bdc12d69ed, type: 3}
  m_Name: 
  m_EditorClassIdentifier: 
  EffectsOnCollision: []
  DestroyTimeDelay: 5
  UseWorldSpacePosition: 0
  Offset: 0
  rotationOffset: {x: 0, y: 0, z: 0}
  useOnlyRotationOffset: 1
  UseFirePointRotation: 0
  DestroyMainEffect: 0
  Damage: 10
