%YAML 1.1
%TAG !u! tag:unity3d.com,2011:
--- !u!1 &2052561501
GameObject:
  m_ObjectHideFlags: 0
  m_CorrespondingSourceObject: {fileID: 0}
  m_PrefabInstance: {fileID: 0}
  m_PrefabAsset: {fileID: 0}
  serializedVersion: 6
  m_Component:
  - component: {fileID: 2052561502}
  - component: {fileID: 2052561505}
  - component: {fileID: 2052561504}
  m_Layer: 0
  m_Name: FirePoint
  m_TagString: Untagged
  m_Icon: {fileID: 0}
  m_NavMeshLayer: 0
  m_StaticEditorFlags: 0
  m_IsActive: 1
--- !u!4 &2052561502
Transform:
  m_ObjectHideFlags: 0
  m_CorrespondingSourceObject: {fileID: 0}
  m_PrefabInstance: {fileID: 0}
  m_PrefabAsset: {fileID: 0}
  m_GameObject: {fileID: 2052561501}
  m_LocalRotation: {x: 0, y: 0, z: 0, w: 1}
  m_LocalPosition: {x: -0.017999649, y: 0.757, z: 0.804}
  m_LocalScale: {x: 1, y: 1, z: 1}
  m_ConstrainProportionsScale: 0
  m_Children: []
  m_Father: {fileID: 2721360469162637535}
  m_RootOrder: 0
  m_LocalEulerAnglesHint: {x: 0, y: 0, z: 0}
--- !u!33 &2052561505
MeshFilter:
  m_ObjectHideFlags: 0
  m_CorrespondingSourceObject: {fileID: 0}
  m_PrefabInstance: {fileID: 0}
  m_PrefabAsset: {fileID: 0}
  m_GameObject: {fileID: 2052561501}
  m_Mesh: {fileID: 10207, guid: 0000000000000000e000000000000000, type: 0}
--- !u!23 &2052561504
MeshRenderer:
  m_ObjectHideFlags: 0
  m_CorrespondingSourceObject: {fileID: 0}
  m_PrefabInstance: {fileID: 0}
  m_PrefabAsset: {fileID: 0}
  m_GameObject: {fileID: 2052561501}
  m_Enabled: 0
  m_CastShadows: 1
  m_ReceiveShadows: 1
  m_DynamicOccludee: 1
  m_StaticShadowCaster: 0
  m_MotionVectors: 1
  m_LightProbeUsage: 1
  m_ReflectionProbeUsage: 1
  m_RayTracingMode: 2
  m_RayTraceProcedural: 0
  m_RenderingLayerMask: 1
  m_RendererPriority: 0
  m_Materials:
  - {fileID: 10303, guid: 0000000000000000f000000000000000, type: 0}
  m_StaticBatchInfo:
    firstSubMesh: 0
    subMeshCount: 0
  m_StaticBatchRoot: {fileID: 0}
  m_ProbeAnchor: {fileID: 0}
  m_LightProbeVolumeOverride: {fileID: 0}
  m_ScaleInLightmap: 1
  m_ReceiveGI: 1
  m_PreserveUVs: 0
  m_IgnoreNormalsForChartDetection: 0
  m_ImportantGI: 0
  m_StitchLightmapSeams: 1
  m_SelectedEditorRenderState: 3
  m_MinimumChartSize: 4
  m_AutoUVMaxDistance: 0.5
  m_AutoUVMaxAngle: 89
  m_LightmapParameters: {fileID: 0}
  m_SortingLayerID: 0
  m_SortingLayer: 0
  m_SortingOrder: 0
  m_AdditionalVertexStreams: {fileID: 0}
--- !u!1 &22585998126280858
GameObject:
  m_ObjectHideFlags: 0
  m_CorrespondingSourceObject: {fileID: 0}
  m_PrefabInstance: {fileID: 0}
  m_PrefabAsset: {fileID: 0}
  serializedVersion: 6
  m_Component:
  - component: {fileID: 629524017599977183}
  m_Layer: 0
  m_Name: mushroom_spine01
  m_TagString: Untagged
  m_Icon: {fileID: 0}
  m_NavMeshLayer: 0
  m_StaticEditorFlags: 0
  m_IsActive: 1
--- !u!4 &629524017599977183
Transform:
  m_ObjectHideFlags: 0
  m_CorrespondingSourceObject: {fileID: 0}
  m_PrefabInstance: {fileID: 0}
  m_PrefabAsset: {fileID: 0}
  m_GameObject: {fileID: 22585998126280858}
  m_LocalRotation: {x: -4.440892e-16, y: 1.1362439e-16, z: -0.056089036, w: 0.9984258}
  m_LocalPosition: {x: -0.16915752, y: -8.476356e-18, z: -1.2735774e-17}
  m_LocalScale: {x: 1, y: 1, z: 1}
  m_ConstrainProportionsScale: 0
  m_Children:
  - {fileID: 1668678541489410846}
  m_Father: {fileID: 3776517039026945684}
  m_RootOrder: 0
  m_LocalEulerAnglesHint: {x: -4.956005e-14, y: 1.5032922e-14, z: -26.385384}
--- !u!1 &593643196258824646
GameObject:
  m_ObjectHideFlags: 0
  m_CorrespondingSourceObject: {fileID: 0}
  m_PrefabInstance: {fileID: 0}
  m_PrefabAsset: {fileID: 0}
  serializedVersion: 6
  m_Component:
  - component: {fileID: 2789686369604493583}
  m_Layer: 0
  m_Name: mushroom_skirt08
  m_TagString: Untagged
  m_Icon: {fileID: 0}
  m_NavMeshLayer: 0
  m_StaticEditorFlags: 0
  m_IsActive: 1
--- !u!4 &2789686369604493583
Transform:
  m_ObjectHideFlags: 0
  m_CorrespondingSourceObject: {fileID: 0}
  m_PrefabInstance: {fileID: 0}
  m_PrefabAsset: {fileID: 0}
  m_GameObject: {fileID: 593643196258824646}
  m_LocalRotation: {x: 0, y: 0.09932358, z: -0, w: 0.9950552}
  m_LocalPosition: {x: -0.3008197, y: 5.391097e-18, z: 1.4210854e-16}
  m_LocalScale: {x: 1, y: 1, z: 1}
  m_ConstrainProportionsScale: 0
  m_Children: []
  m_Father: {fileID: 6928581069441863856}
  m_RootOrder: 0
  m_LocalEulerAnglesHint: {x: 0, y: 11.40044, z: 0}
--- !u!1 &899212197526682314
GameObject:
  m_ObjectHideFlags: 0
  m_CorrespondingSourceObject: {fileID: 0}
  m_PrefabInstance: {fileID: 0}
  m_PrefabAsset: {fileID: 0}
  serializedVersion: 6
  m_Component:
  - component: {fileID: 8672983948658828655}
  m_Layer: 0
  m_Name: mushroom_skirt06
  m_TagString: Untagged
  m_Icon: {fileID: 0}
  m_NavMeshLayer: 0
  m_StaticEditorFlags: 0
  m_IsActive: 1
--- !u!4 &8672983948658828655
Transform:
  m_ObjectHideFlags: 0
  m_CorrespondingSourceObject: {fileID: 0}
  m_PrefabInstance: {fileID: 0}
  m_PrefabAsset: {fileID: 0}
  m_GameObject: {fileID: 899212197526682314}
  m_LocalRotation: {x: 0, y: -0.0992081, z: -0, w: 0.99506676}
  m_LocalPosition: {x: -0.30082026, y: 1.5955251e-16, z: -1.4210854e-16}
  m_LocalScale: {x: 1, y: 1, z: 1}
  m_ConstrainProportionsScale: 0
  m_Children: []
  m_Father: {fileID: 628669983997230522}
  m_RootOrder: 0
  m_LocalEulerAnglesHint: {x: 0, y: -11.38714, z: 0}
--- !u!1 &904061434360701520
GameObject:
  m_ObjectHideFlags: 0
  m_CorrespondingSourceObject: {fileID: 0}
  m_PrefabInstance: {fileID: 0}
  m_PrefabAsset: {fileID: 0}
  serializedVersion: 6
  m_Component:
  - component: {fileID: 8052226880644265981}
  m_Layer: 0
  m_Name: mushroom_mouthSmile
  m_TagString: Untagged
  m_Icon: {fileID: 0}
  m_NavMeshLayer: 0
  m_StaticEditorFlags: 0
  m_IsActive: 1
--- !u!4 &8052226880644265981
Transform:
  m_ObjectHideFlags: 0
  m_CorrespondingSourceObject: {fileID: 0}
  m_PrefabInstance: {fileID: 0}
  m_PrefabAsset: {fileID: 0}
  m_GameObject: {fileID: 904061434360701520}
  m_LocalRotation: {x: 4.8572257e-17, y: -1.110223e-16, z: 0.113700315, w: 0.9935151}
  m_LocalPosition: {x: 0.06261867, y: -0.12227535, z: -5.5777953e-17}
  m_LocalScale: {x: 1, y: 1, z: 1}
  m_ConstrainProportionsScale: 0
  m_Children: []
  m_Father: {fileID: 1668678541489410846}
  m_RootOrder: 2
  m_LocalEulerAnglesHint: {x: 7.880408e-15, y: -1.1261961e-14, z: 21.72271}
--- !u!1 &1567654528598060968
GameObject:
  m_ObjectHideFlags: 0
  m_CorrespondingSourceObject: {fileID: 0}
  m_PrefabInstance: {fileID: 0}
  m_PrefabAsset: {fileID: 0}
  serializedVersion: 6
  m_Component:
  - component: {fileID: 4192178628790069896}
  m_Layer: 0
  m_Name: mushroom_skirt02
  m_TagString: Untagged
  m_Icon: {fileID: 0}
  m_NavMeshLayer: 0
  m_StaticEditorFlags: 0
  m_IsActive: 1
--- !u!4 &4192178628790069896
Transform:
  m_ObjectHideFlags: 0
  m_CorrespondingSourceObject: {fileID: 0}
  m_PrefabInstance: {fileID: 0}
  m_PrefabAsset: {fileID: 0}
  m_GameObject: {fileID: 1567654528598060968}
  m_LocalRotation: {x: 0, y: 0, z: -0.085424736, w: 0.9963446}
  m_LocalPosition: {x: -0.2831777, y: 2.842171e-16, z: -2.455826e-16}
  m_LocalScale: {x: 1, y: 1, z: 1}
  m_ConstrainProportionsScale: 0
  m_Children: []
  m_Father: {fileID: 5926865027806076619}
  m_RootOrder: 0
  m_LocalEulerAnglesHint: {x: 0, y: 0, z: -9.800899}
--- !u!1 &1712727820683373246
GameObject:
  m_ObjectHideFlags: 0
  m_CorrespondingSourceObject: {fileID: 0}
  m_PrefabInstance: {fileID: 0}
  m_PrefabAsset: {fileID: 0}
  serializedVersion: 6
  m_Component:
  - component: {fileID: 2721360469162637535}
  - component: {fileID: 1686627937921303653}
  - component: {fileID: 6952332243191993799}
  - component: {fileID: 4941255758751549109}
  - component: {fileID: 8741788592989825704}
  - component: {fileID: 1125929520}
  m_Layer: 0
  m_Name: TutorialRange
  m_TagString: Enemy
  m_Icon: {fileID: 0}
  m_NavMeshLayer: 0
  m_StaticEditorFlags: 0
  m_IsActive: 1
--- !u!4 &2721360469162637535
Transform:
  m_ObjectHideFlags: 0
  m_CorrespondingSourceObject: {fileID: 0}
  m_PrefabInstance: {fileID: 0}
  m_PrefabAsset: {fileID: 0}
  m_GameObject: {fileID: 1712727820683373246}
  m_LocalRotation: {x: 0, y: 0, z: 0, w: 1}
  m_LocalPosition: {x: -10, y: 0, z: 10}
  m_LocalScale: {x: 1, y: 1, z: 1}
  m_ConstrainProportionsScale: 0
  m_Children:
  - {fileID: 2052561502}
  - {fileID: 7730814999609191082}
  - {fileID: 3776517039026945684}
  m_Father: {fileID: 0}
  m_RootOrder: 0
  m_LocalEulerAnglesHint: {x: 0, y: 0, z: 0}
--- !u!95 &1686627937921303653
Animator:
  serializedVersion: 5
  m_ObjectHideFlags: 0
  m_CorrespondingSourceObject: {fileID: 0}
  m_PrefabInstance: {fileID: 0}
  m_PrefabAsset: {fileID: 0}
  m_GameObject: {fileID: 1712727820683373246}
  m_Enabled: 1
  m_Avatar: {fileID: 9000000, guid: 1bb511c8a05be7d4aab86bc7439e73f3, type: 3}
  m_Controller: {fileID: 9100000, guid: 915959acada9ff74ab5652dcdf2fbe8c, type: 2}
  m_CullingMode: 1
  m_UpdateMode: 0
  m_ApplyRootMotion: 0
  m_LinearVelocityBlending: 0
  m_StabilizeFeet: 0
  m_WarningMessage: 
  m_HasTransformHierarchy: 1
  m_AllowConstantClipSamplingOptimization: 1
  m_KeepAnimatorStateOnDisable: 0
--- !u!54 &6952332243191993799
Rigidbody:
  m_ObjectHideFlags: 0
  m_CorrespondingSourceObject: {fileID: 0}
  m_PrefabInstance: {fileID: 0}
  m_PrefabAsset: {fileID: 0}
  m_GameObject: {fileID: 1712727820683373246}
  serializedVersion: 2
  m_Mass: 1
  m_Drag: 0
  m_AngularDrag: 0
  m_UseGravity: 1
  m_IsKinematic: 0
  m_Interpolate: 0
  m_Constraints: 122
  m_CollisionDetection: 0
--- !u!136 &4941255758751549109
CapsuleCollider:
  m_ObjectHideFlags: 0
  m_CorrespondingSourceObject: {fileID: 0}
  m_PrefabInstance: {fileID: 0}
  m_PrefabAsset: {fileID: 0}
  m_GameObject: {fileID: 1712727820683373246}
  m_Material: {fileID: 0}
  m_IsTrigger: 0
  m_Enabled: 1
  m_Radius: 0.5105963
  m_Height: 1.0211926
  m_Direction: 1
  m_Center: {x: 0.0042390823, y: 0.52164376, z: 0.0021190643}
--- !u!195 &8741788592989825704
NavMeshAgent:
  m_ObjectHideFlags: 0
  m_CorrespondingSourceObject: {fileID: 0}
  m_PrefabInstance: {fileID: 0}
  m_PrefabAsset: {fileID: 0}
  m_GameObject: {fileID: 1712727820683373246}
  m_Enabled: 1
  m_AgentTypeID: 0
  m_Radius: 0.5
  m_Speed: 3.5
  m_Acceleration: 8
  avoidancePriority: 50
  m_AngularSpeed: 120
  m_StoppingDistance: 8
  m_AutoTraverseOffMeshLink: 1
  m_AutoBraking: 1
  m_AutoRepath: 1
  m_Height: 2
  m_BaseOffset: 0
  m_WalkableMask: 4294967295
  m_ObstacleAvoidanceType: 4
--- !u!114 &1125929520
MonoBehaviour:
  m_ObjectHideFlags: 0
  m_CorrespondingSourceObject: {fileID: 0}
  m_PrefabInstance: {fileID: 0}
  m_PrefabAsset: {fileID: 0}
  m_GameObject: {fileID: 1712727820683373246}
  m_Enabled: 1
  m_EditorHideFlags: 0
  m_Script: {fileID: 11500000, guid: f941fb0ab80de514193883cf587686d4, type: 3}
  m_Name: 
  m_EditorClassIdentifier: 
  navMeshAgent: {fileID: 8741788592989825704}
  numberPrefab: {fileID: 7011318239481386385, guid: d996b023aeb126541abaad23bfc0cb65, type: 3}
  DeathPopUp: {fileID: 7011318239481386385, guid: 468006dbb4ae25d4aa1c7eeaeb392604, type: 3}
  Anim: {fileID: 1686627937921303653}
  AttackPrefab: {fileID: 514824220354699854, guid: 26448f42cdcc6c74bb989d45e1735850, type: 3}
  AttackPoint: {fileID: 2052561502}
  exps:
  - {fileID: 2237704452439855505, guid: 8c97599f853ec7742a9d9b45baca8e71, type: 3}
  - {fileID: 2237704452439855505, guid: 91c05d4f1cb95b246b0eb615b5628197, type: 3}
  player: {fileID: 0}
  gm: {fileID: 0}
  spawner: {fileID: 0}
  EXP_Container: {fileID: 0}
  expWorth: 10
  AttackRange: 8
  speed: 4
  MaxHP: 10
  HP: 10
  attackPwd: 5
  Dropped: 0
  dead: 0
  attackCooldown: 20
  currentCooldown: 0
--- !u!1 &2095312701752479941
GameObject:
  m_ObjectHideFlags: 0
  m_CorrespondingSourceObject: {fileID: 0}
  m_PrefabInstance: {fileID: 0}
  m_PrefabAsset: {fileID: 0}
  serializedVersion: 6
  m_Component:
  - component: {fileID: 142724192005918230}
  m_Layer: 0
  m_Name: mushroom_skirt04
  m_TagString: Untagged
  m_Icon: {fileID: 0}
  m_NavMeshLayer: 0
  m_StaticEditorFlags: 0
  m_IsActive: 1
--- !u!4 &142724192005918230
Transform:
  m_ObjectHideFlags: 0
  m_CorrespondingSourceObject: {fileID: 0}
  m_PrefabInstance: {fileID: 0}
  m_PrefabAsset: {fileID: 0}
  m_GameObject: {fileID: 2095312701752479941}
  m_LocalRotation: {x: 0, y: 0, z: 0.11665112, w: 0.99317294}
  m_LocalPosition: {x: -0.27726766, y: -1.4210854e-16, z: 2.3850643e-16}
  m_LocalScale: {x: 1, y: 1, z: 1}
  m_ConstrainProportionsScale: 0
  m_Children: []
  m_Father: {fileID: 2473707364836012309}
  m_RootOrder: 0
  m_LocalEulerAnglesHint: {x: 0, y: 0, z: 13.397736}
--- !u!1 &2703916156432202281
GameObject:
  m_ObjectHideFlags: 0
  m_CorrespondingSourceObject: {fileID: 0}
  m_PrefabInstance: {fileID: 0}
  m_PrefabAsset: {fileID: 0}
  serializedVersion: 6
  m_Component:
  - component: {fileID: 266613349643838521}
  m_Layer: 0
  m_Name: mushroom_rightEye
  m_TagString: Untagged
  m_Icon: {fileID: 0}
  m_NavMeshLayer: 0
  m_StaticEditorFlags: 0
  m_IsActive: 1
--- !u!4 &266613349643838521
Transform:
  m_ObjectHideFlags: 0
  m_CorrespondingSourceObject: {fileID: 0}
  m_PrefabInstance: {fileID: 0}
  m_PrefabAsset: {fileID: 0}
  m_GameObject: {fileID: 2703916156432202281}
  m_LocalRotation: {x: 0.70252126, y: 0.08039827, z: 0.70252126, w: -0.08039827}
  m_LocalPosition: {x: -0.036055207, y: -0.12626539, z: 0.107604}
  m_LocalScale: {x: 1, y: 1, z: 1}
  m_ConstrainProportionsScale: 0
  m_Children: []
  m_Father: {fileID: 1668678541489410846}
  m_RootOrder: 3
  m_LocalEulerAnglesHint: {x: -13.057326, y: 90, z: 180}
--- !u!1 &3202145576207104963
GameObject:
  m_ObjectHideFlags: 0
  m_CorrespondingSourceObject: {fileID: 0}
  m_PrefabInstance: {fileID: 0}
  m_PrefabAsset: {fileID: 0}
  serializedVersion: 6
  m_Component:
  - component: {fileID: 2681944848217058801}
  m_Layer: 0
  m_Name: mushroom_head
  m_TagString: Untagged
  m_Icon: {fileID: 0}
  m_NavMeshLayer: 0
  m_StaticEditorFlags: 0
  m_IsActive: 1
--- !u!4 &2681944848217058801
Transform:
  m_ObjectHideFlags: 0
  m_CorrespondingSourceObject: {fileID: 0}
  m_PrefabInstance: {fileID: 0}
  m_PrefabAsset: {fileID: 0}
  m_GameObject: {fileID: 3202145576207104963}
  m_LocalRotation: {x: 0, y: -0, z: -0, w: 1}
  m_LocalPosition: {x: -0.26191226, y: 2.8490665e-17, z: 1.868489e-16}
  m_LocalScale: {x: 1, y: 1, z: 1}
  m_ConstrainProportionsScale: 0
  m_Children:
  - {fileID: 5926865027806076619}
  - {fileID: 2473707364836012309}
  - {fileID: 628669983997230522}
  - {fileID: 6928581069441863856}
  m_Father: {fileID: 8095263316688945414}
  m_RootOrder: 0
  m_LocalEulerAnglesHint: {x: 0, y: 0, z: 0}
--- !u!1 &4008435843485030247
GameObject:
  m_ObjectHideFlags: 0
  m_CorrespondingSourceObject: {fileID: 0}
  m_PrefabInstance: {fileID: 0}
  m_PrefabAsset: {fileID: 0}
  serializedVersion: 6
  m_Component:
  - component: {fileID: 1668678541489410846}
  m_Layer: 0
  m_Name: mushroom_spine02
  m_TagString: Untagged
  m_Icon: {fileID: 0}
  m_NavMeshLayer: 0
  m_StaticEditorFlags: 0
  m_IsActive: 1
--- !u!4 &1668678541489410846
Transform:
  m_ObjectHideFlags: 0
  m_CorrespondingSourceObject: {fileID: 0}
  m_PrefabInstance: {fileID: 0}
  m_PrefabAsset: {fileID: 0}
  m_GameObject: {fileID: 4008435843485030247}
  m_LocalRotation: {x: 1.0408341e-17, y: -1.1069704e-16, z: -0.2527999, w: 0.96751857}
  m_LocalPosition: {x: -0.18436666, y: 0.009920539, z: 4.8808474e-17}
  m_LocalScale: {x: 1, y: 1, z: 1}
  m_ConstrainProportionsScale: 0
  m_Children:
  - {fileID: 3485836054365637533}
  - {fileID: 7869212996065463262}
  - {fileID: 8052226880644265981}
  - {fileID: 266613349643838521}
  - {fileID: 8095263316688945414}
  m_Father: {fileID: 629524017599977183}
  m_RootOrder: 0
  m_LocalEulerAnglesHint: {x: -9.484424e-15, y: -9.964028e-15, z: -41.91895}
--- !u!1 &4659299352935455995
GameObject:
  m_ObjectHideFlags: 0
  m_CorrespondingSourceObject: {fileID: 0}
  m_PrefabInstance: {fileID: 0}
  m_PrefabAsset: {fileID: 0}
  serializedVersion: 6
  m_Component:
  - component: {fileID: 628669983997230522}
  m_Layer: 0
  m_Name: mushroom_skirt05
  m_TagString: Untagged
  m_Icon: {fileID: 0}
  m_NavMeshLayer: 0
  m_StaticEditorFlags: 0
  m_IsActive: 1
--- !u!4 &628669983997230522
Transform:
  m_ObjectHideFlags: 0
  m_CorrespondingSourceObject: {fileID: 0}
  m_PrefabInstance: {fileID: 0}
  m_PrefabAsset: {fileID: 0}
  m_GameObject: {fileID: 4659299352935455995}
  m_LocalRotation: {x: 0.000008952275, y: 0.8857793, z: 0.00000469057, w: -0.46410668}
  m_LocalPosition: {x: 0.04670753, y: 0.0000043500036, z: -0.27098686}
  m_LocalScale: {x: 1, y: 1, z: 1}
  m_ConstrainProportionsScale: 0
  m_Children:
  - {fileID: 8672983948658828655}
  m_Father: {fileID: 2681944848217058801}
  m_RootOrder: 2
  m_LocalEulerAnglesHint: {x: -0.0009534699, y: -124.69515, z: 0.0006600945}
--- !u!1 &4959760874854109750
GameObject:
  m_ObjectHideFlags: 0
  m_CorrespondingSourceObject: {fileID: 0}
  m_PrefabInstance: {fileID: 0}
  m_PrefabAsset: {fileID: 0}
  serializedVersion: 6
  m_Component:
  - component: {fileID: 7869212996065463262}
  m_Layer: 0
  m_Name: mushroom_mouthAngry
  m_TagString: Untagged
  m_Icon: {fileID: 0}
  m_NavMeshLayer: 0
  m_StaticEditorFlags: 0
  m_IsActive: 1
--- !u!4 &7869212996065463262
Transform:
  m_ObjectHideFlags: 0
  m_CorrespondingSourceObject: {fileID: 0}
  m_PrefabInstance: {fileID: 0}
  m_PrefabAsset: {fileID: 0}
  m_GameObject: {fileID: 4959760874854109750}
  m_LocalRotation: {x: 4.8572257e-17, y: -1.110223e-16, z: 0.113700315, w: 0.9935151}
  m_LocalPosition: {x: 0.024419257, y: 0.047345288, z: -5.0515808e-17}
  m_LocalScale: {x: 1, y: 1, z: 1}
  m_ConstrainProportionsScale: 0
  m_Children: []
  m_Father: {fileID: 1668678541489410846}
  m_RootOrder: 1
  m_LocalEulerAnglesHint: {x: 6.001118e-15, y: -1.17349325e-14, z: 13.057333}
--- !u!1 &5116740127554969451
GameObject:
  m_ObjectHideFlags: 0
  m_CorrespondingSourceObject: {fileID: 0}
  m_PrefabInstance: {fileID: 0}
  m_PrefabAsset: {fileID: 0}
  serializedVersion: 6
  m_Component:
  - component: {fileID: 7730814999609191082}
  - component: {fileID: 441417383350362285}
  m_Layer: 0
  m_Name: mushroom
  m_TagString: Untagged
  m_Icon: {fileID: 0}
  m_NavMeshLayer: 0
  m_StaticEditorFlags: 0
  m_IsActive: 1
--- !u!4 &7730814999609191082
Transform:
  m_ObjectHideFlags: 0
  m_CorrespondingSourceObject: {fileID: 0}
  m_PrefabInstance: {fileID: 0}
  m_PrefabAsset: {fileID: 0}
  m_GameObject: {fileID: 5116740127554969451}
  m_LocalRotation: {x: -0.7071068, y: 0, z: -0, w: 0.7071068}
  m_LocalPosition: {x: -0, y: 0, z: 0}
  m_LocalScale: {x: 1, y: 1, z: 1}
  m_ConstrainProportionsScale: 0
  m_Children: []
  m_Father: {fileID: 2721360469162637535}
  m_RootOrder: 1
  m_LocalEulerAnglesHint: {x: 0, y: 0, z: 0}
--- !u!137 &441417383350362285
SkinnedMeshRenderer:
  m_ObjectHideFlags: 0
  m_CorrespondingSourceObject: {fileID: 0}
  m_PrefabInstance: {fileID: 0}
  m_PrefabAsset: {fileID: 0}
  m_GameObject: {fileID: 5116740127554969451}
  m_Enabled: 1
  m_CastShadows: 1
  m_ReceiveShadows: 1
  m_DynamicOccludee: 1
  m_StaticShadowCaster: 0
  m_MotionVectors: 1
  m_LightProbeUsage: 1
  m_ReflectionProbeUsage: 1
  m_RayTracingMode: 3
  m_RayTraceProcedural: 0
  m_RenderingLayerMask: 1
  m_RendererPriority: 0
  m_Materials:
  - {fileID: 2100000, guid: 5b14a408ea91d4c47beba346957a3d99, type: 2}
  m_StaticBatchInfo:
    firstSubMesh: 0
    subMeshCount: 0
  m_StaticBatchRoot: {fileID: 0}
  m_ProbeAnchor: {fileID: 0}
  m_LightProbeVolumeOverride: {fileID: 0}
  m_ScaleInLightmap: 1
  m_ReceiveGI: 1
  m_PreserveUVs: 0
  m_IgnoreNormalsForChartDetection: 0
  m_ImportantGI: 0
  m_StitchLightmapSeams: 1
  m_SelectedEditorRenderState: 3
  m_MinimumChartSize: 4
  m_AutoUVMaxDistance: 0.5
  m_AutoUVMaxAngle: 89
  m_LightmapParameters: {fileID: 0}
  m_SortingLayerID: 0
  m_SortingLayer: 0
  m_SortingOrder: 0
  serializedVersion: 2
  m_Quality: 0
  m_UpdateWhenOffscreen: 0
  m_SkinnedMotionVectors: 1
  m_Mesh: {fileID: -7588155868070637639, guid: 1bb511c8a05be7d4aab86bc7439e73f3, type: 3}
  m_Bones:
  - {fileID: 3776517039026945684}
  - {fileID: 629524017599977183}
  - {fileID: 1668678541489410846}
  - {fileID: 8095263316688945414}
  - {fileID: 2681944848217058801}
  - {fileID: 628669983997230522}
  - {fileID: 8672983948658828655}
  - {fileID: 2473707364836012309}
  - {fileID: 142724192005918230}
  - {fileID: 6928581069441863856}
  - {fileID: 2789686369604493583}
  - {fileID: 5926865027806076619}
  - {fileID: 4192178628790069896}
  - {fileID: 8052226880644265981}
  - {fileID: 7869212996065463262}
  - {fileID: 3485836054365637533}
  - {fileID: 266613349643838521}
  m_BlendShapeWeights: []
  m_RootBone: {fileID: 3776517039026945684}
  m_AABB:
    m_Center: {x: -0.58135295, y: 0.17860109, z: -0.0034438968}
    m_Extent: {x: 0.76219964, y: 0.78188795, z: 0.6265786}
  m_DirtyAABB: 0
--- !u!1 &6457305944877062499
GameObject:
  m_ObjectHideFlags: 0
  m_CorrespondingSourceObject: {fileID: 0}
  m_PrefabInstance: {fileID: 0}
  m_PrefabAsset: {fileID: 0}
  serializedVersion: 6
  m_Component:
  - component: {fileID: 8095263316688945414}
  m_Layer: 0
  m_Name: mushroom_spine03
  m_TagString: Untagged
  m_Icon: {fileID: 0}
  m_NavMeshLayer: 0
  m_StaticEditorFlags: 0
  m_IsActive: 1
--- !u!4 &8095263316688945414
Transform:
  m_ObjectHideFlags: 0
  m_CorrespondingSourceObject: {fileID: 0}
  m_PrefabInstance: {fileID: 0}
  m_PrefabAsset: {fileID: 0}
  m_GameObject: {fileID: 6457305944877062499}
  m_LocalRotation: {x: 2.839812e-13, y: 7.302319e-15, z: 0.025824882, w: 0.9996665}
  m_LocalPosition: {x: -0.19089916, y: 0, z: 6.756764e-17}
  m_LocalScale: {x: 1, y: 1, z: 1}
  m_ConstrainProportionsScale: 0
  m_Children:
  - {fileID: 2681944848217058801}
  m_Father: {fileID: 1668678541489410846}
  m_RootOrder: 4
  m_LocalEulerAnglesHint: {x: 3.5540036e-11, y: 1.7878705e-11, z: 26.634342}
--- !u!1 &6761384575485153432
GameObject:
  m_ObjectHideFlags: 0
  m_CorrespondingSourceObject: {fileID: 0}
  m_PrefabInstance: {fileID: 0}
  m_PrefabAsset: {fileID: 0}
  serializedVersion: 6
  m_Component:
  - component: {fileID: 3776517039026945684}
  m_Layer: 0
  m_Name: mushroom_root
  m_TagString: Untagged
  m_Icon: {fileID: 0}
  m_NavMeshLayer: 0
  m_StaticEditorFlags: 0
  m_IsActive: 1
--- !u!4 &3776517039026945684
Transform:
  m_ObjectHideFlags: 0
  m_CorrespondingSourceObject: {fileID: 0}
  m_PrefabInstance: {fileID: 0}
  m_PrefabAsset: {fileID: 0}
  m_GameObject: {fileID: 6761384575485153432}
  m_LocalRotation: {x: -0.4289647, y: 0.56212926, z: -0.4289647, w: 0.56212926}
  m_LocalPosition: {x: 8.1073155e-18, y: -1.7763568e-17, z: -4.440892e-18}
  m_LocalScale: {x: 1, y: 1, z: 1}
  m_ConstrainProportionsScale: 0
  m_Children:
  - {fileID: 629524017599977183}
  m_Father: {fileID: 2721360469162637535}
  m_RootOrder: 2
  m_LocalEulerAnglesHint: {x: -1.3572873, y: 92.046196, z: -163.99309}
--- !u!1 &7687648933854380776
GameObject:
  m_ObjectHideFlags: 0
  m_CorrespondingSourceObject: {fileID: 0}
  m_PrefabInstance: {fileID: 0}
  m_PrefabAsset: {fileID: 0}
  serializedVersion: 6
  m_Component:
  - component: {fileID: 2473707364836012309}
  m_Layer: 0
  m_Name: mushroom_skirt03
  m_TagString: Untagged
  m_Icon: {fileID: 0}
  m_NavMeshLayer: 0
  m_StaticEditorFlags: 0
  m_IsActive: 1
--- !u!4 &2473707364836012309
Transform:
  m_ObjectHideFlags: 0
  m_CorrespondingSourceObject: {fileID: 0}
  m_PrefabInstance: {fileID: 0}
  m_PrefabAsset: {fileID: 0}
  m_GameObject: {fileID: 7687648933854380776}
  m_LocalRotation: {x: -0.47738454, y: 0.87869453, z: 2.4891392e-16, w: -1.3523204e-16}
  m_LocalPosition: {x: 0.07062402, y: 0.2873954, z: -1.2394036e-16}
  m_LocalScale: {x: 1, y: 1, z: 1}
  m_ConstrainProportionsScale: 0
  m_Children:
  - {fileID: 142724192005918230}
  m_Father: {fileID: 2681944848217058801}
  m_RootOrder: 1
  m_LocalEulerAnglesHint: {x: 9.705235e-15, y: 180, z: -57.02943}
--- !u!1 &7801265990560361877
GameObject:
  m_ObjectHideFlags: 0
  m_CorrespondingSourceObject: {fileID: 0}
  m_PrefabInstance: {fileID: 0}
  m_PrefabAsset: {fileID: 0}
  serializedVersion: 6
  m_Component:
  - component: {fileID: 3485836054365637533}
  m_Layer: 0
  m_Name: mushroom_leftEye
  m_TagString: Untagged
  m_Icon: {fileID: 0}
  m_NavMeshLayer: 0
  m_StaticEditorFlags: 0
  m_IsActive: 1
--- !u!4 &3485836054365637533
Transform:
  m_ObjectHideFlags: 0
  m_CorrespondingSourceObject: {fileID: 0}
  m_PrefabInstance: {fileID: 0}
  m_PrefabAsset: {fileID: 0}
  m_GameObject: {fileID: 7801265990560361877}
  m_LocalRotation: {x: 0.08039827, y: -0.70252126, z: 0.08039827, w: 0.70252126}
  m_LocalPosition: {x: -0.036054824, y: -0.12626505, z: -0.10760421}
  m_LocalScale: {x: 1, y: 1, z: 1}
  m_ConstrainProportionsScale: 0
  m_Children: []
  m_Father: {fileID: 1668678541489410846}
  m_RootOrder: 0
  m_LocalEulerAnglesHint: {x: 13.057333, y: -90, z: 0}
--- !u!1 &8000522201380489485
GameObject:
  m_ObjectHideFlags: 0
  m_CorrespondingSourceObject: {fileID: 0}
  m_PrefabInstance: {fileID: 0}
  m_PrefabAsset: {fileID: 0}
  serializedVersion: 6
  m_Component:
  - component: {fileID: 5926865027806076619}
  m_Layer: 0
  m_Name: mushroom_skirt01
  m_TagString: Untagged
  m_Icon: {fileID: 0}
  m_NavMeshLayer: 0
  m_StaticEditorFlags: 0
  m_IsActive: 1
--- !u!4 &5926865027806076619
Transform:
  m_ObjectHideFlags: 0
  m_CorrespondingSourceObject: {fileID: 0}
  m_PrefabInstance: {fileID: 0}
  m_PrefabAsset: {fileID: 0}
  m_GameObject: {fileID: 8000522201380489485}
  m_LocalRotation: {x: 0.47403702, y: 0.88050497, z: 1.8819914e-16, w: -2.2040037e-16}
  m_LocalPosition: {x: 0.05301032, y: -0.22058913, z: -1.1416331e-16}
  m_LocalScale: {x: 1, y: 1, z: 1}
  m_ConstrainProportionsScale: 0
  m_Children:
  - {fileID: 4192178628790069896}
  m_Father: {fileID: 2681944848217058801}
  m_RootOrder: 0
  m_LocalEulerAnglesHint: {x: -1.9941934e-15, y: -180, z: 56.593327}
--- !u!1 &8322454126229274529
GameObject:
  m_ObjectHideFlags: 0
  m_CorrespondingSourceObject: {fileID: 0}
  m_PrefabInstance: {fileID: 0}
  m_PrefabAsset: {fileID: 0}
  serializedVersion: 6
  m_Component:
  - component: {fileID: 6928581069441863856}
  m_Layer: 0
  m_Name: mushroom_skirt07
  m_TagString: Untagged
  m_Icon: {fileID: 0}
  m_NavMeshLayer: 0
  m_StaticEditorFlags: 0
  m_IsActive: 1
--- !u!4 &6928581069441863856
Transform:
  m_ObjectHideFlags: 0
  m_CorrespondingSourceObject: {fileID: 0}
  m_PrefabInstance: {fileID: 0}
  m_PrefabAsset: {fileID: 0}
  m_GameObject: {fileID: 8322454126229274529}
  m_LocalRotation: {x: 0.000008952269, y: 0.8857788, z: -0.0000046905807, w: 0.4641077}
  m_LocalPosition: {x: 0.046707995, y: 0.000004349994, z: 0.270987}
  m_LocalScale: {x: 1, y: 1, z: 1}
  m_ConstrainProportionsScale: 0
  m_Children:
  - {fileID: 2789686369604493583}
  m_Father: {fileID: 2681944848217058801}
  m_RootOrder: 3
  m_LocalEulerAnglesHint: {x: 0.00095347146, y: 124.695015, z: 0.0006600924}
